<?xml version="1.0" encoding="UTF-8"?><collection xmlns="http://www.loc.gov/MARC21/slim"><record><leader>00494nam--2200169-u-4500</leader><controlfield tag="001">000055578</controlfield><controlfield tag="002">20161230</controlfield><controlfield tag="005">20161230201052</controlfield><controlfield tag="008">130227s1000------------r-----000-0-eng-d</controlfield><datafield ind1=" " ind2=" " tag="040"><subfield code="a">IFIN-HH</subfield></datafield><datafield ind1=" " ind2=" " tag="080"><subfield code="a">62(03)=30=82</subfield></datafield><datafield ind1="1" ind2=" " tag="100"><subfield code="a">Boguslawski, P.S</subfield></datafield><datafield ind1="1" ind2="0" tag="245"><subfield code="a">Deutsch-russisches worterbuch der messtechnik</subfield><subfield code="b">Nemetko-russkii slovari po ismeritelnoi tehnike</subfield><subfield code="c">P.s. boguslawski</subfield></datafield><datafield ind1=" " ind2=" " tag="260"><subfield code="a">Moskva</subfield><subfield code="b">Russkii Iazik</subfield><subfield code="c">1984</subfield></datafield><datafield ind1=" " ind2=" " tag="300"><subfield code="a">567P</subfield></datafield><datafield ind1=" " ind2=" " tag="852"><subfield code="a">D.654</subfield><subfield code="c">SLT</subfield></datafield><datafield ind1=" " ind2=" " tag="CAT"><subfield code="a">Sys</subfield><subfield code="c">20130227</subfield><subfield code="h">134654</subfield></datafield></record></collection>